@inproceedings{usher_interactive_2020,
  title = {Interactive Visualization of Terascale Data in the Browser: Fact or Fiction?},
 booktitle = {Proc. {{IEEE}} 10th {{Symp.}} {{Large Data Anal.}} and {{Vis.}}},
  author = {Usher, Will and Pascucci, Valerio},
  year = {2020},
  pages = {27--36},
  doi = {10.1109/LDAV51489.2020.00010}
}
